
@article{gomaa2013,
  title = {A Survey of Text Similarity Approaches},
  volume = {68},
  number = {13},
  journaltitle = {International Journal of Computer Applications},
  author = {Gomaa, Wael H. and Fahmy, Aly A.},
  date = {2013},
  file = {/home/jta/documents/library/zotero/storage/R4BKB69L/openurldocerror.html}
}


