% Encoding: UTF-8

@article{ferrucci2004,
  title = {{{UIMA}}: An Architectural Approach to Unstructured Information Processing in the Corporate Research Environment},
  volume = {10},
  url = {http://journals.cambridge.org/abstract_S1351324904003523},
  shorttitle = {{{UIMA}}},
  number = {3-4},
  journaltitle = {Natural Language Engineering},
  urldate = {2015-10-06},
  date = {2004},
  pages = {327--348},
  author = {Ferrucci, David and Lally, Adam},
  file = {/home/jta/documents/library/files/2004/2004_-_ferrucci_lally_-_uima.pdf}
}

@inproceedings{manning2014,
  title = {The {{Stanford CoreNLP}} Natural Language Processing Toolkit},
  url = {http://www.aclweb.org/website/old_anthology/P/P14/P14-5.pdf#page=67},
  booktitle = {Proceedings of 52nd {{Annual Meeting}} of the {{Association}} for {{Computational Linguistics}}: {{System Demonstrations}}},
  urldate = {2015-10-06},
  date = {2014},
  pages = {55--60},
  author = {Manning, Christopher and Surdeanu, Mihai and Bauer, John and Finkel, Jenny and Bethard, Steven and McClosky, David},
  file = {/home/jta/documents/library/files/2014/2014_-_manning_et_al_-_the_stanford_corenlp_natural_language_processing_toolkit.pdf}
}

@inproceedings{decastilho2014,
  title = {A Broad-Coverage Collection of Portable {{NLP}} Components for Building Shareable Analysis Pipelines},
  url = {http://www.anthology.aclweb.org/W/W14/W14-52.pdf#page=11},
  booktitle = {Proceedings of the {{Workshop}} on {{Open Infrastructures}} and {{Analysis Frameworks}} for {{HLT}} ({{OIAF4HLT}}) at {{COLING}}},
  urldate = {2015-10-06},
  date = {2014},
  pages = {1--11},
  author = {de Castilho, Richard Eckart and Gurevych, Iryna},
  options = {useprefix=true},
  file = {/home/jta/documents/library/files/2014/2014_-_de_castilho_gurevych_-_a_broad-coverage_collection_of_portable_nlp_components_for_building_shareable.pdf}
}

@Misc{apacheluceneproject2015,
  author  = {{Apache Lucene Project}},
  title   = {Apache {{Lucene}}},
  date    = {2015},
  url     = {http://lucene.apache.org/},
  version = {5.3.1},
}

@inproceedings{ogren2009,
  location = {{Boulder, Colorado}},
  title = {Building {{Test Suites}} for \{\vphantom\}{{UIMA}}\vphantom\{\} {{Components}}},
  url = {https://www.aclweb.org/anthology/W/W09/W09-1501},
  booktitle = {Proceedings of the {{Workshop}} on {{Software Engineering}}, {{Testing}},                 and {{Quality Assurance}} for {{Natural Language Processing}} ({{SETQA}}-{{NLP}} 2009)},
  publisher = {{Association for Computational Linguistics}},
  date = {2009-06},
  pages = {1-4},
  author = {Ogren, Philip and Bethard, Steven}
}

@inproceedings{eckartdecastilho2014,
  location = {{Dublin, Ireland}},
  title = {A Broad-Coverage Collection of Portable {{NLP}} Components for Building Shareable Analysis Pipelines},
  url = {http://www.aclweb.org/anthology/W14-5201},
  booktitle = {Proceedings of the {{Workshop}} on {{Open Infrastructures}} and {{Analysis Frameworks}} for {{HLT}}},
  publisher = {{Association for Computational Linguistics and Dublin City University}},
  urldate = {2018-07-26},
  date = {2014-08},
  pages = {1--11},
  author = {Eckart de Castilho, Richard and Gurevych, Iryna},
  file = {/home/jta/documents/library/files/2014/2014_-_eckart_de_castilho_gurevych_-_a_broad-coverage_collection_of_portable_nlp_components_for_building_shareable.pdf}
}

@Misc{urbanek2018,
  author     = {Urbanek, Simon},
  title      = {{{rJava}}: {{Low}}-{{Level R}} to {{Java Interface}}},
  abstract   = {Low-level interface to Java VM very much like .C/.Call and friends. Allows creation of objects, calling methods and accessing fields.},
  date       = {2018-05-29},
  keywords   = {HighPerformanceComputing},
  shorttitle = {{{rJava}}},
  url        = {https://CRAN.R-project.org/package=rJava},
  urldate    = {2018-07-26},
  version    = {0.9-10},
}

@Misc{eddelbuettel2018,
  author     = {Eddelbuettel, Dirk and Francois, Romain and Allaire, J. J. and Ushey, Kevin and Kou, Qiang and Russell, Nathan and Chambers, Douglas Bates {and} John},
  title      = {Rcpp: {{Seamless R}} and {{C}}++ {{Integration}}},
  abstract   = {The 'Rcpp' package provides R functions as well as C++ classes which offer a seamless integration of R and C++. Many R data types and objects can be mapped back and forth to C++ equivalents which facilitates both writing of new code as well as easier integration of third-party libraries. Documentation about 'Rcpp' is provided by several vignettes included in this package, via the 'Rcpp Gallery' site at $<$http://gallery.rcpp.org$>$, the paper by Eddelbuettel and Francois (2011, $<$doi:10.18637/jss.v040.i08$>$), the book by Eddelbuettel (2013, $<$doi:10.1007/978-1-4614-6868-4$>$) and the paper by Eddelbuettel and Balamuta (2018, $<$doi:10.1080/00031305.2017.1375990$>$); see 'citation("Rcpp")' for details.},
  date       = {2018-07-23},
  keywords   = {HighPerformanceComputing,NumericalMathematics},
  shorttitle = {Rcpp},
  url        = {https://CRAN.R-project.org/package=Rcpp},
  urldate    = {2018-07-26},
  version    = {0.12.18},
}

@Misc{guennebaud2010,
  author       = {Ga\"{e}l Guennebaud and Beno\^{i}t Jacob and others},
  title        = {Eigen v3},
  howpublished = {http://eigen.tuxfamily.org},
  year         = {2010},
}

@Comment{jabref-meta: databaseType:bibtex;}
